@Article{stegle2015computational,
    Author="Stegle, O.  and Teichmann, S. A.  and Marioni, J. C. ",
    Title="{{C}omputational and analytical challenges in single-cell transcriptomics}",
    Journal="Nat. Rev. Genet.",
    Year="2015",
    Volume="16",
    Number="3",
    Pages="133--145",
    Month="Mar"
}

@Article{macosko2015highly,
    Author="Macosko, E. Z.  and Basu, A.  and Satija, R.  and Nemesh, J.  and Shekhar, K.  and Goldman, M.  and Tirosh, I.  and Bialas, A. R.  and Kamitaki, N.  and Martersteck, E. M.  and Trombetta, J. J.  and Weitz, D. A.  and Sanes, J. R.  and Shalek, A. K.  and Regev, A.  and McCarroll, S. A. ",
    Title="{{H}ighly parallel genome-wide expression profiling of individual cells using nanoliter droplets}",
    Journal="Cell",
    Year="2015",
    Volume="161",
    Number="5",
    Pages="1202--1214",
    Month="May"
}

@Article{klein2015droplet,
    Author="Klein, A. M.  and Mazutis, L.  and Akartuna, I.  and Tallapragada, N.  and Veres, A.  and Li, V.  and Peshkin, L.  and Weitz, D. A.  and Kirschner, M. W. ",
    Title="{{D}roplet barcoding for single-cell transcriptomics applied to embryonic stem cells}",
    Journal="Cell",
    Year="2015",
    Volume="161",
    Number="5",
    Pages="1187--1201",
    Month="May"
}

@Article{islam2014quantitative,
    Author="Islam, S.  and Zeisel, A.  and Joost, S.  and La Manno, G.  and Zajac, P.  and Kasper, M.  and Lonnerberg, P.  and Linnarsson, S. ",
    Title="{{Q}uantitative single-cell {R}{N}{A}-seq with unique molecular identifiers}",
    Journal="Nat. Methods",
    Year="2014",
    Volume="11",
    Number="2",
    Pages="163--166",
    Month="Feb"
}

@Article{anders2010differential,
    Author="Anders, S.  and Huber, W. ",
    Title="{{D}ifferential expression analysis for sequence count data}",
    Journal="Genome Biol.",
    Year="2010",
    Volume="11",
    Number="10",
    Pages="R106"
}

@Article{robinson2010scaling,
    Author="Robinson, M. D.  and Oshlack, A. ",
    Title="{{A} scaling normalization method for differential expression analysis of {R}{N}{A}-seq data}",
    Journal="Genome Biol.",
    Year="2010",
    Volume="11",
    Number="3",
    Pages="R25"
}

@Article{marinov2014singlecell,
    Author="Marinov, G. K.  and Williams, B. A.  and McCue, K.  and Schroth, G. P.  and Gertz, J.  and Myers, R. M.  and Wold, B. J. ",
    Title="{{F}rom single-cell to cell-pool transcriptomes: stochasticity in gene expression and {R}{N}{A} splicing}",
    Journal="Genome Res.",
    Year="2014",
    Volume="24",
    Number="3",
    Pages="496--510",
    Month="Mar"
}

@Article{brennecke2013accounting,
    Author="Brennecke, P.  and Anders, S.  and Kim, J. K.  and Kolodziejczyk, A. A.  and Zhang, X.  and Proserpio, V.  and Baying, B.  and Benes, V.  and Teichmann, S. A.  and Marioni, J. C.  and Heisler, M. G. ",
    Title="{{A}ccounting for technical noise in single-cell {R}{N}{A}-seq experiments}",
    Journal="Nat. Methods",
    Year="2013",
    Volume="10",
    Number="11",
    Pages="1093--1095",
    Month="Nov"
}

@Article{robinson2010edgeR,
    Author="Robinson, M. D.  and McCarthy, D. J.  and Smyth, G. K. ",
    Title="{edge{R}: a {B}ioconductor package for differential expression analysis of digital gene expression data}",
    Journal="Bioinformatics",
    Year="2010",
    Volume="26",
    Number="1",
    Pages="139--140",
    Month="Jan"
}

@Manual{soetaert2009limsolve,
    title = {limSolve: Solving Linear Inverse Models },
    year = {2009},
    author = {Karline Soetaert and Karel Van den Meersche and Dick van
        Oevelen},
    note = {R package 1.5.1},
}

@Article{zeisel2015brain,
    Author={Zeisel, A.  and Mu\~noz-Manchado, A. B.  and Codeluppi, S.  and L\"onnerberg, P.  and La Manno, G.  and Jur\'eus, A.  and Marques, S.  and Munguba, H.  and He, L.  and Betsholtz, C.  and Rolny, C.  and Castelo-Branco, G.  and Hjerling-Leffler, J.  and Linnarsson, S.},
    Title="{{B}rain structure. {C}ell types in the mouse cortex and hippocampus revealed by single-cell {R}{N}{A}-seq}",
    Journal="Science",
    Year="2015",
    Volume="347",
    Number="6226",
    Pages="1138--1142",
    Month="Mar"
}

@Article{grun2015design,
    Author="Grun, D.  and van Oudenaarden, A. ",
    Title="{{D}esign and {A}nalysis of {S}ingle-{C}ell {S}equencing {E}xperiments}",
    Journal="Cell",
    Year="2015",
    Volume="163",
    Number="4",
    Pages="799--810",
    Month="Nov"
}

@Article{risso2014normalization,
    Author="Risso, D.  and Ngai, J.  and Speed, T. P.  and Dudoit, S. ",
    Title="{{N}ormalization of {R}{N}{A}-seq data using factor analysis of control genes or samples}",
    Journal="Nat. Biotechnol.",
    Year="2014",
    Volume="32",
    Number="9",
    Pages="896--902",
    Month="Sep"
}

@Article{love2014moderated,
    Author="Love, M. I.  and Huber, W.  and Anders, S. ",
    Title="{{M}oderated estimation of fold change and dispersion for {R}{N}{A}-seq data with {D}{E}{S}eq2}",
    Journal="Genome Biol.",
    Year="2014",
    Volume="15",
    Number="12",
    Pages="550"
}

@Article{huber2015orchestrating,
    Author="Huber, W.  and Carey, V. J.  and Gentleman, R.  and Anders, S.  and Carlson, M.  and Carvalho, B. S.  and Bravo, H. C.  and Davis, S.  and Gatto, L.  and Girke, T.  and Gottardo, R.  and Hahne, F.  and Hansen, K. D.  and Irizarry, R. A.  and Lawrence, M.  and Love, M. I.  and MacDonald, J.  and Obenchain, V.  and Ole\'s, A. K.  and Pages, H.  and Reyes, A.  and Shannon, P.  and Smyth, G. K.  and Tenenbaum, D.  and Waldron, L.  and Morgan, M. ",
    Title="{{O}rchestrating high-throughput genomic analysis with {B}ioconductor}",
    Journal="Nat. Methods",
    Year="2015",
    Volume="12",
    Number="2",
    Pages="115--121",
    Month="Feb"
}

@incollection{chen2014differential,
    title={Differential expression analysis of complex RNA-seq experiments using edgeR},
    author={Chen, Y. and Lun, A. T. and Smyth, G. K.},
    booktitle={Statistical Analysis of Next Generation Sequencing Data},
    pages={51--74},
    year={2014},
    publisher={Springer}
}

@Article{mccarthy2012differential,
    Author="McCarthy, D. J.  and Chen, Y.  and Smyth, G. K. ",
    Title="{{D}ifferential expression analysis of multifactor {R}{N}{A}-{S}eq experiments with respect to biological variation}",
    Journal="Nucleic Acids Res.",
    Year="2012",
    Volume="40",
    Number="10",
    Pages="4288--4297",
    Month="May"
}

@Article{mccarthy2009testing,
    Author="McCarthy, D. J.  and Smyth, G. K. ",
    Title="{{T}esting significance relative to a fold-change threshold is a {T}{R}{E}{A}{T}}",
    Journal="Bioinformatics",
    Year="2009",
    Volume="25",
    Number="6",
    Pages="765--771",
    Month="Mar"
}

@Article{kolod2015single,
    Author="Kolodziejczyk, A. A.  and Kim, J. K.  and Tsang, J. C.  and Ilicic, T.  and Henriksson, J.  and Natarajan, K. N.  and Tuck, A. C.  and Gao, X.  and Buhler, M.  and Liu, P.  and Marioni, J. C.  and Teichmann, S. A. ",
    Title="{{S}ingle {C}ell {R}{N}{A}-{S}equencing of {P}luripotent {S}tates {U}nlocks {M}odular {T}ranscriptional {V}ariation}",
    Journal="Cell Stem Cell",
    Year="2015",
    Volume="17",
    Number="4",
    Pages="471--485",
    Month="Oct"
}

@Manual{alexa2010topgo,
    title = {topGO: Enrichment analysis for Gene Ontology},
    author = {Alexa, A. and Rahnenfuhrer, J.},
    year = {2010},
    note = {R package version 2.22.0},
}

@Article{saraiva2015hierarchical,
    Author="Saraiva, L. R.  and Ibarra-Soria, X.  and Khan, M.  and Omura, M.  and Scialdone, A.  and Mombaerts, P.  and Marioni, J. C.  and Logan, D. W. ",
    Title="{{H}ierarchical deconstruction of mouse olfactory sensory neurons: from whole mucosa to single-cell {R}{N}{A}-seq}",
    Journal="Sci. Rep.",
    Year="2015",
    Volume="5",
    Pages="18178"
}

@Article{llorens2015singlecell,
    Author="Llorens-Bobadilla, E.  and Zhao, S.  and Baser, A.  and Saiz-Castro, G.  and Zwadlo, K.  and Martin-Villalba, A. ",
    Title="{{S}ingle-{C}ell {T}ranscriptomics {R}eveals a {P}opulation of {D}ormant {N}eural {S}tem {C}ells that {B}ecome {A}ctivated upon {B}rain {I}njury}",
    Journal="Cell Stem Cell",
    Year="2015",
    Volume="17",
    Number="3",
    Pages="329--340",
    Month="Sep"
}

@Article{li2016singlecell,
    Author="Li, J.  and Klughammer, J.  and Farlik, M.  and Penz, T.  and Spittler, A.  and Barbieux, C.  and Berishvili, E.  and Bock, C.  and Kubicek, S. ",
    Title="{{S}ingle-cell transcriptomes reveal characteristic features of human pancreatic islet cell types}",
    Journal="EMBO Rep.",
    Year="2016",
    Volume="17",
    Number="2",
    Pages="178--187",
    Month="Feb"
}

@Article{deng2014singlecell,
    Author="Deng, Q.  and Ramskold, D.  and Reinius, B.  and Sandberg, R. ",
    Title="{{S}ingle-cell {R}{N}{A}-seq reveals dynamic, random monoallelic gene expression in mammalian cells}",
    Journal="Science",
    Year="2014",
    Volume="343",
    Number="6167",
    Pages="193--196",
    Month="Jan"
}

@Article{freeman2015singlecell,
    Author="Freeman, B. T.  and Jung, J. P.  and Ogle, B. M. ",
    Title="{{S}ingle-{C}ell {R}{N}{A}-{S}eq of {B}one {M}arrow-{D}erived {M}esenchymal {S}tem {C}ells {R}eveals {U}nique {P}rofiles of {L}ineage {P}riming}",
    Journal="PLoS ONE",
    Year="2015",
    Volume="10",
    Number="9",
    Pages="e0136199"
}

